@article{JGB16+,
  title={Bag of Tricks for Efficient Text Classification},
  author={Joulin, Armand and Grave, Edouard and Bojanowski, Piotr and Mikolov, Tomas},
  journal={arXiv preprint arXiv:1607.01759},
  year={2016}
}
@article{PGJ17,
	title = {{Unsupervised Learning of Sentence Embeddings using Compositional n-Gram Features}},
	author = {Pagliardini, Matteo and Gupta, Prakhar and Jaggi, Martin},
	journal = {arXiv},
	eprint = {1703.02507},
	eprinttype = {arxiv},
	eprintclass = {cs.CL},
	year = {2017}
}

@article{MCC13+,
	author    = {Tomas Mikolov and
	Kai Chen and
	Greg Corrado and
	Jeffrey Dean},
	title     = {Efficient Estimation of Word Representations in Vector Space},
	journal   = {CoRR},
	volume    = {abs/1301.3781},
	year      = {2013},
	url       = {http://arxiv.org/abs/1301.3781},
	archivePrefix = {arXiv},
	eprint    = {1301.3781},
	timestamp = {Wed, 07 Jun 2017 14:42:25 +0200},
	biburl    = {http://dblp.org/rec/bib/journals/corr/abs-1301-3781},
	bibsource = {dblp computer science bibliography, http://dblp.org}
}

@INPROCEEDINGS{LeS00,
	author = {Daniel D. Lee and H. Sebastian Seung},
	title = {Algorithms for Non-negative Matrix Factorization},
	booktitle = {In NIPS},
	year = {2000},
	pages = {556--562},
	publisher = {MIT Press}
}

@article{BGJ16+,
	title={Enriching Word Vectors with Subword Information},
	author={Bojanowski, Piotr and Grave, Edouard and Joulin, Armand and Mikolov, Tomas},
	journal={arXiv preprint arXiv:1607.04606},
	year={2016}
}